% This file was created with JabRef 2.10.
% Encoding: MacRoman


@InProceedings{Agarwal2006,
  Title                    = {Approximating the {N}umber of {D}ifferences between {R}emote {S}ets},
  Author                   = {Sachin Agarwal and Ari Trachtenberg},
  Booktitle                = {{I}nformation {T}heory {W}orkshop, 2006. {ITW} '06 {P}unta del {E}ste. {IEEE}},
  Year                     = {2006},
  Month                    = {March},
  Pages                    = {217--221},

  Doi                      = {10.1109/ITW.2006.1633815},
  Owner                    = {judith},
  Timestamp                = {2015.10.13}
}

@Article{Ahlgren2012,
  Title                    = {A {S}urvey of {I}nformation-{C}entric {N}etworking},
  Author                   = {Bengt Ahlgren and Christian Dannewitz and Claudio Imbrenda and Dirk Kutscher and B{\"o}rje Ohlman},
  Journal                  = {{C}ommunications {M}agazine, {IEEE}},
  Year                     = {2012},
  Number                   = {7},
  Pages                    = {26--36},
  Volume                   = {50},

  Owner                    = {judith},
  Timestamp                = {2015.10.10}
}

@Article{Almeida2007,
  Title                    = {Scalable {B}loom {F}ilters},
  Author                   = {Paolo Almeida and Carlos Baquero and Nuno Pregui{\c{c}}a and David Hutchison},
  Journal                  = {Information Processing Letters},
  Year                     = {2007},
  Number                   = {6},
  Pages                    = {255--261},
  Volume                   = {101},

  Owner                    = {judith},
  Timestamp                = {2015.10.18}
}

@InProceedings{Arasu2006,
  Title                    = {Efficient {E}xact {S}et-{S}imilarity {J}oins},
  Author                   = {Arvind Arasu and Venkatesh Ganti and Raghav Kaushik},
  Booktitle                = {Proceedings of the 32nd international conference on {V}ery large data bases},
  Year                     = {2006},
  Organization             = {{VLDB} {E}ndowment},
  Pages                    = {918--929},

  Owner                    = {judith},
  Timestamp                = {2015.11.13}
}

@InProceedings{Boehm2000,
  Title                    = {High {P}erformance {C}lustering {B}ased on the {S}imilarity {J}oin},
  Author                   = {Christian B{\"o}hm and Bernhard Braunm{\"u} and Markus Breunig and Hans-Peter Kriegel},
  Booktitle                = {Proceedings of the ninth international conference on Information and knowledge management},
  Year                     = {2000},
  Organization             = {{ACM}},
  Pages                    = {298--305},

  Owner                    = {judith},
  Timestamp                = {2015.11.18}
}

@InProceedings{Bayardo2007,
  Title                    = {Scaling {U}p {A}ll {P}airs {S}imilarity {S}earch},
  Author                   = {Roberto J. Bayardo and Yiming Ma and Ramakrishnan Srikant},
  Booktitle                = {Proceedings of the 16th {I}nternational {C}onference on {W}orld {W}ide {W}eb},
  Year                     = {2007},
  Organization             = {ACM},
  Pages                    = {131--140},

  Owner                    = {judith},
  Timestamp                = {2015.11.08}
}

@Article{Bloom1970,
  Title                    = {Space/{T}ime {T}rade-offs in {H}ash {C}oding with {A}llowable {E}rrors},
  Author                   = {Burton H. Bloom},
  Journal                  = {Communications of the ACM},
  Year                     = {1970},
  Number                   = {7},
  Pages                    = {422--426},
  Volume                   = {13},

  Owner                    = {judith},
  Timestamp                = {2015.10.16}
}

@TechReport{Blustein2002,
  Title                    = {{B}loom {F}ilters -- {A} {T}utorial, {A}nalysis, and {S}urvey},
  Author                   = {James Blustein and Amal El-Maazawi},
  Institution              = {Halifax, {NS}: {D}alhousie {U}niversity},
  Year                     = {2002},

  Owner                    = {judith},
  Timestamp                = {2015.10.13}
}

@Article{Broder2004,
  Title                    = {{N}etwork {A}pplications of {B}loom {F}ilters: {A} {S}urvey},
  Author                   = {Andrei Broder and Michael Mitzenmacher},
  Journal                  = {{I}nternet {M}athematics},
  Year                     = {2004},
  Number                   = {4},
  Pages                    = {485--509},
  Volume                   = {1},

  Owner                    = {judith},
  Timestamp                = {2015.10.11}
}

@Article{Broder1997,
  Title                    = {Syntactic {C}lustering of the {W}eb},
  Author                   = {Andrei Z. Broder and Steven C. Glassman and Mark S. Manasse and Geoffrey Zweig},
  Journal                  = {Computer {N}etworks and {ISDN} {S}ystems},
  Year                     = {1997},
  Number                   = {8},
  Pages                    = {1157--1166},
  Volume                   = {29},

  Owner                    = {judith},
  Timestamp                = {2015.11.13}
}

@InProceedings{Byers2002,
  Title                    = {{F}ast {A}pproximate {R}econciliation of {S}et {D}ifferences},
  Author                   = {John Byers and Jeffrey Considine and Michael Mitzenmacher},
  Booktitle                = {{BU} {C}omputer {S}cience {TR}},
  Year                     = {2002},
  Pages                    = {2002--2019},

  Owner                    = {judith},
  Timestamp                = {2015.10.11}
}

@Article{Byers2004,
  Title                    = {{I}nformed {C}ontent {D}elivery across {A}daptive {O}verlay {N}etworks},
  Author                   = {John W. Byers and Jeffrey Considine and Michael Mitzenmacher and Stanislav Rost},
  Journal                  = {IEEE/ACM Transactions on Networking},
  Year                     = {2004},

  Month                    = {oct},
  Number                   = {5},
  Pages                    = {767--780},
  Volume                   = {12},

  Doi                      = {{10.1109/TNET.2004.836103}},
  Owner                    = {judith},
  Timestamp                = {2015.10.18},
  Url                      = {{http://dx.doi.org/10.1109/TNET.2004.836103}}
}

@InProceedings{Cohen2003,
  Title                    = {Spectral {B}loom {F}ilters},
  Author                   = {Saar Cohen and Yossi Matias},
  Booktitle                = {Proceedings of the 2003 ACM SIGMOD international conference on Management of data},
  Year                     = {2003},
  Organization             = {ACM},
  Pages                    = {241--252},

  Owner                    = {judith},
  Timestamp                = {2015.10.16}
}

@InProceedings{Duerr2010,
  Title                    = {Re-{S}ocializing {O}nline {S}ocial {N}etworks},
  Author                   = {Michael D{\"u}rr and Martin Werner and Marco Maier},
  Booktitle                = {Green Computing and Communications (GreenCom), 2010 IEEE/ACM International Conference on \& International Conference on Cyber, Physical and Social Computing (CPSCom)},
  Year                     = {2010},
  Organization             = {IEEE},
  Pages                    = {786--791},

  Owner                    = {judith},
  Timestamp                = {2015.10.16}
}

@Book{Dargie2010,
  Title                    = {Fundamentals of {W}ireless {S}ensor {N}etworks: {T}heory and {P}ractice},
  Author                   = {Waltenegus Dargie and Christian Poellabauer},
  Publisher                = {John Wiley \& Sons},
  Year                     = {2010}
}

@InProceedings{Dey1999,
  Title                    = {{T}owards a {B}etter {U}nderstanding of {C}ontext and {C}ontext-{A}wareness},
  Author                   = {Anind K. Dey and Gregory D. Abowd},
  Booktitle                = {{H}andheld and {U}biquitous {C}omputing},
  Year                     = {1999},
  Organization             = {Springer},
  Pages                    = {304--307},

  Owner                    = {judith},
  Timestamp                = {2015.10.10}
}

@InProceedings{Eisenhardt2004,
  Title                    = {{S}pektrale {B}loom-{F}ilter f{\"u}r {P}eer-to-{P}eer {I}nformation {R}etrieval},
  Author                   = {Martin Eisenhardt and Wolfgang M{\"u}ller and Andreas Henrich},
  Booktitle                = {{GI Jahrestagung (2)}},
  Year                     = {2004},
  Pages                    = {44--48}
}

@InProceedings{Eppstein2011,
  Title                    = {What's the {D}ifference? {E}fficient {S}et {R}econciliation without {P}rior {C}ontext},
  Author                   = {David Eppstein and Michael Goodrich and Frank Uyeda and George Varghese},
  Booktitle                = {ACM SIGCOMM Computer Communication Review},
  Year                     = {2011},
  Number                   = {4},
  Organization             = {ACM},
  Pages                    = {218--229},
  Volume                   = {41},

  Owner                    = {judith},
  Timestamp                = {2015.10.18}
}

@Article{Fan2000,
  Title                    = {Summary {C}ache: A {S}calable {W}ide-{A}rea {W}eb {C}ache {S}haring {P}rotocol},
  Author                   = {Li Fan and Pei Cao and Jussara Almeida and Andrei Broder},
  Journal                  = {IEEE/ACM Transactions on Networking (TON)},
  Year                     = {2000},
  Number                   = {3},
  Pages                    = {281--293},
  Volume                   = {8},

  Owner                    = {judith},
  Timestamp                = {2015.10.18}
}

@InProceedings{Guo2006,
  Title                    = {{T}heory and {N}etwork {A}pplications of {D}ynamic {B}loom {F}ilters},
  Author                   = {Deke Guo and Jie Wu and Honghui Chen and Xueshan Luo},
  Booktitle                = {INFOCOM},
  Year                     = {2006},
  Pages                    = {1--12},

  Owner                    = {judith},
  Timestamp                = {2015.10.18}
}

@InProceedings{Hao2007,
  Title                    = {Building High Accuracy Bloom Filters Using Partitioned Hashing},
  Author                   = {Fang Hao and Murali Kodialam and T. V. Lakshman},
  Booktitle                = {{P}roceedings of the 2007 {CM} {SIGMETRICS} {I}nternational {C}onference on {M}easurement and {M}odeling of {C}omputer {S}ystems},
  Year                     = {2007},

  Address                  = {New York, NY, USA},
  Pages                    = {277--288},
  Publisher                = {ACM},
  Series                   = {SIGMETRICS '07},

  Doi                      = {10.1145/1254882.1254916},
  Owner                    = {judith},
  Timestamp                = {2015.10.22},
  Url                      = {http://doi.acm.org/10.1145/1254882.1254916}
}

@TechReport{Hellerstein1994,
  Title                    = {The {RD}-{T}ree: {A}n {I}ndex {S}tructure for {S}ets},
  Author                   = {Joseph M. Hellerstein and Avi Pfeffer},
  Institution              = {University of {W}isconsin-{M}adison, {C}omputer {S}ciences {D}epartment},
  Year                     = {1994},

  Owner                    = {judith},
  Timestamp                = {2015.11.07}
}

@Article{Jannink1995,
  Title                    = {Implementing {D}eletion in {B}$^+$-{T}rees},
  Author                   = {Jan Jannink},
  Journal                  = {ACM Sigmod Record},
  Year                     = {1995},
  Number                   = {1},
  Pages                    = {33--38},
  Volume                   = {24},

  Owner                    = {judith},
  Timestamp                = {2016.05.06}
}

@InProceedings{Kirsch2006,
  Title                    = {Less {H}ashing, {S}ame {P}erformance: {B}uilding a {B}etter {B}loom {F}ilter},
  Author                   = {Adam Kirsch and Michael Mitzenmacher},
  Booktitle                = {European {S}ymposium on {A}lgorithms},
  Year                     = {2006},
  Organization             = {Springer},
  Pages                    = {456--467},

  Owner                    = {judith},
  Timestamp                = {2016.07.03}
}

@Book{Knuth1999,
  Title                    = {The {A}rt of {C}omputer {P}rogramming},
  Author                   = {Donald E. Knuth},
  Publisher                = {Addison Wesley Longman},
  Year                     = {1999},
  Volume                   = {3},

  Owner                    = {judith},
  Timestamp                = {2015.11.22}
}

@Unpublished{Kriegel1994--2013,
  Title                    = {Skript zur {V}orlesung {A}nfragebearbeitung und {I}ndexstrukturen in {D}atenbanksystemen},
  Author                   = {Hans-Peter Kriegel},
  Year                     = {1994--2014},

  Owner                    = {judith},
  Timestamp                = {2015.11.22}
}

@InProceedings{Kumar2003,
  Title                    = {Space-{C}ode {B}loom {F}ilter for {E}ffidient {T}raffic {F}low {M}easurement},
  Author                   = {Abhishek Kumar and Jun Jim Xu and Li Li and Jia Wang},
  Booktitle                = {Proceedings of the 3rd ACM SIGCOMM conference on Internet measurement},
  Year                     = {2003},
  Organization             = {ACM},
  Pages                    = {167--172},

  Owner                    = {judith},
  Timestamp                = {2015.10.16}
}

@InProceedings{Lehman1986,
  Title                    = {A {S}tudy of {I}ndex {S}tructures for {M}ain {M}emory {D}atabase {M}anagement {S}ystems},
  Author                   = {Tobin J. Lehman and Michael J. Carey},
  Booktitle                = {Proc. {VLDB}},
  Year                     = {1986},

  Owner                    = {judith},
  Timestamp                = {2015.11.08}
}

@Article{Mishra2013,
  Title                    = {{E}fficient {M}echanism to {E}xchange {G}roup {M}embership {I}dentities among {N}odes in {W}ireless {S}ensor {N}etworks},
  Author                   = {Alekha Mishra and Ashok Turuk},
  Journal                  = {{W}ireless {S}ensor {S}ystems, {IET}},
  Year                     = {2013},

  Month                    = dec,
  Number                   = {4},
  Pages                    = {289--297},
  Volume                   = {3},

  ISSN                     = {2043-6386}
}

@Article{Mitzenmacher2002,
  Title                    = {Compressed {B}loom {F}ilters},
  Author                   = {Michael Mitzenmacher},
  Journal                  = {IIEEE/ACM Transactions on Networking (TON)},
  Year                     = {2002},
  Number                   = {5},
  Pages                    = {604--612},
  Volume                   = {10},

  Owner                    = {judith},
  Timestamp                = {2015.10.16}
}

@MastersThesis{Nafe2005,
  Title                    = {Indexierung lokaler {D}aten in {P}eer-to-{P}eer-{N}etzwerken},
  Author                   = {Clemens Nafe},
  School                   = {Universit{\"a}t Rostock},
  Year                     = {2005},

  Owner                    = {judith},
  Timestamp                = {2015.11.08}
}

@Book{Ottmann2012,
  Title                    = {Algorithmen und Datenstrukturen},
  Author                   = {Thomas Ottmann and Peter Widmayer},
  Publisher                = {Spektrum Akademischer Verlag},
  Year                     = {2012},
  Edition                  = {5.},

  Owner                    = {judith},
  Timestamp                = {2015.11.23}
}

@Article{Perera2014,
  Title                    = {{C}ontext {A}ware {C}omputing for {T}he {I}nternet of {T}hings: {A} {S}urvey},
  Author                   = {Charith Perera and Arkady Zaslavsky and Peter Christen and Dimitrios Georgakopoulos},
  Journal                  = {{C}ommunications {S}uveys \& {T}utorials, {IEEE}},
  Year                     = {2014},
  Number                   = {1},
  Pages                    = {414--454},
  Volume                   = {16},

  Owner                    = {judith},
  Timestamp                = {2015.10.09}
}

@Article{Phyu2012,
  Title                    = {{U}sing {B}loom {F}ilter Array ({BFA}) to {S}peed up the {L}ookup in {D}istributed {S}torage {S}ystem},
  Author                   = {Myat Pwint Phyu and Ni Lar Thein},
  Journal                  = {{I}nternational {J}ournal of {C}omputer {A}pplications},
  Year                     = {2012},
  Number                   = {11},
  Pages                    = {26--28},
  Volume                   = {60},

  Owner                    = {judith},
  Timestamp                = {2015.10.11}
}

@Article{Qiao2014,
  Title                    = {{F}ast {B}loom {F}ilters and their {G}eneralization},
  Author                   = {Yan Qiao and Tao Li and Shigang Chen},
  Journal                  = {Parallel and Distributed Systems, IEEE Transactions on},
  Year                     = {2014},

  Month                    = jan,
  Number                   = {1},
  Pages                    = {93--103},
  Volume                   = {25},

  ISSN                     = {1045-9219}
}

@Article{Ramakrishna1989,
  Title                    = {Practical {P}erformance of {B}loom {F}ilters and {P}arallel {F}ree-{T}ext {S}earching},
  Author                   = {M. V. Ramakrishna},
  Journal                  = {Communications of the ACM},
  Year                     = {1989},
  Number                   = {10},
  Pages                    = {1237--1239},
  Volume                   = {32},

  Owner                    = {judith},
  Timestamp                = {2015.10.18}
}

@InProceedings{Reynolds2003,
  Title                    = {Efficient (P)eer-to-(P)eer {K}eyword {S}earching},
  Author                   = {Patrick Reynolds and Amin Vahdat},
  Booktitle                = {{P}roceedings of the {ACM}/{IFIP}/{USENIX} 2003 {I}nternational {C}onference on {M}iddleware},
  Year                     = {2003},
  Organization             = {Springer-Verlag New York, Inc.},
  Pages                    = {21--40},

  Owner                    = {judith},
  Timestamp                = {2015.10.22}
}

@InProceedings{Rhea2002,
  Title                    = {Probabilistic {L}ocation and {R}outing},
  Author                   = {Sean C. Rhea and John Kubiatowicz},
  Booktitle                = {{INFOCOM} 2002. {T}wenty-{F}irst {A}nnual {J}oint {C}onference of the {IEEE} {C}omputer and {C}ommunications {S}ocieties. {P}roceedings. {IEEE}},
  Year                     = {2002},
  Organization             = {IEEE},
  Pages                    = {1248--1257},
  Volume                   = {3},

  Owner                    = {judith},
  Timestamp                = {2015.10.21}
}

@InProceedings{Rizia2012,
  Title                    = {{K}nock{A}round: {L}ocation {B}ased {S}ervice via {S}ocial {K}nowledge},
  Author                   = {Rizwana Rizzia and Mohammed Tanviruzzaman and Sheikh Iqbal Ahamed},
  Booktitle                = {{C}omputer {S}oftware and {A}pplications {C}onference ({COMPSAC}), 2012 {IEEE} 36th {A}nnual},
  Year                     = {2012},
  Organization             = {IEEE},
  Pages                    = {623--631}
}

@Article{Ruppel2014,
  Title                    = {Geocookie: {A} {S}pace-{E}fficient {R}epresentation of {G}eographic {L}ocation {S}ets},
  Author                   = {Peter Ruppel and Axel K{\"u}pper},
  Journal                  = {Journal of Information Processing},
  Year                     = {2014},
  Number                   = {3},
  Pages                    = {418--424},
  Volume                   = {22},

  Owner                    = {judith},
  Timestamp                = {2015.10.16}
}

@InProceedings{Sakuma2011,
  Title                    = {{E}valuation of the {S}tructured {B}loom {F}ilters {B}ased on {S}imilarity},
  Author                   = {Hiroshi Sakuma and Fumiako Sato},
  Booktitle                = {{A}dvanced {I}nformation {N}etworking and {A}pplications {(AINA)}, 2011 {IEEE} {I}nternational {C}onference on},
  Year                     = {2011},
  Month                    = mar,
  Pages                    = {316--323},

  ISSN                     = {1550-445X}
}

@InProceedings{Sarawagi2004,
  Title                    = {Efficient {S}et {J}oins on {S}imilarity {P}redicates},
  Author                   = {Sunita Sarawagi and Alok Kirpal},
  Booktitle                = {{P}roceedings on the 2004 {ACM} {SIGMOD} international conference on {M}anagement of data},
  Year                     = {2004},
  Organization             = {{ACM}},
  Pages                    = {743--754},

  Owner                    = {judith},
  Timestamp                = {2015.11.13}
}

@InProceedings{Sarwat2012,
  Title                    = {Sindbad: {A} {L}ocation-(B)ased {S}ocial {N}etworking {S}ystem},
  Author                   = {Mohamed Sarwat and Jie Bao and Ahmed Eldawy and Justin Levandoski and Amr Magdy and Mohamed Mokbel},
  Booktitle                = {Proceedings or the 2012 ACM SIGMOD International Conference on Management of Data},
  Year                     = {2012},
  Organization             = {ACM},
  Pages                    = {649--652},

  Owner                    = {judith},
  Timestamp                = {2015.10.16}
}

@InCollection{Schoenfeld2014,
  Title                    = {Node {W}ake-(U)p via {OVSF}-{C}oded {B}loom {F}ilters in {W}ireless {S}ensor {N}etworks},
  Author                   = {Mirco Sch{\"o}nfeld and Martin Werner},
  Booktitle                = {{A}d {H}oc {N}etworks},
  Publisher                = {Springer},
  Year                     = {2014},
  Pages                    = {119--134},

  Owner                    = {judith},
  Timestamp                = {2015.09.27}
}

@InProceedings{Schilit1994,
  Title                    = {Context-aware {C}omputing {A}pplications},
  Author                   = {Bill Schilit and Norman Adams and Roy Want},
  Booktitle                = {Mobile {C}omputing {S}ystems and {A}pplications, 1994. {WMCSA} 1994. {F}irst {W}orkshop on},
  Year                     = {1994},
  Organization             = {IEEE},
  Pages                    = {85--90},

  Owner                    = {judith},
  Timestamp                = {2016.07.02}
}

@Article{Schnell2013,
  Title                    = {{G}etting {B}ig {D}ata {B}ut {A}voiding {B}ig {B}rother},
  Author                   = {Rainer Schnell},
  Journal                  = {WP-GRLC},
  Year                     = {2013},
  Volume                   = {2},

  Publisher                = {German Record Linking Center}
}

@InProceedings{Shiraki2009,
  Title                    = {{A} {B}loom {F}ilter-{B}ased {U}ser {S}earch {M}ethod {B}ased on {M}ovement {R}ecords for {P2P} {N}etwork},
  Author                   = {Toru Shiraki and Yuichi Teranishi and Susumu Takeuchi and Kaname Harumoto and Shojiro Nishio},
  Booktitle                = {{A}pplications and the {I}nternet, 2009. {SAINT} '09. {N}inth {I}nternational {S}ymposium on},
  Year                     = {2009},
  Month                    = jul,
  Organization             = {IEEE},
  Pages                    = {177--180}
}

@Book{Stein2009,
  Title                    = {Introduction to {A}lgorithms},
  Author                   = {Clifford Stein and Thomas H. Cormen and Charles E. Leiserson and Ronald L. Rivest},
  Publisher                = {{MIT} Press},
  Year                     = {2009},
  Edition                  = {3.},

  Owner                    = {judith},
  Timestamp                = {2016.07.02}
}

@InProceedings{Werner2015,
  Title                    = {{AMBIENCE}: {A} {C}ontext-{C}entric {O}nline {S}ocial {N}etwork},
  Author                   = {Martin Werner and Florian Dorfmeister and Mirco Sch{\"o}nfeld},
  Booktitle                = {{12th {IEEE} {W}orkshop on {P}ositioning, {N}avigation and {C}ommunications ({WPNC} {\rq}15)}},
  Year                     = {2015}
}

@InProceedings{Yang2002,
  Title                    = {An {I}ndex {S}tructure for {I}mproving {C}losest {P}airs and {R}elated {J}oin {Q}ueries in {S}patial {D}atabases},
  Author                   = {Congjun Yang and King-Ip Lin},
  Booktitle                = {Database {E}ngineering and {A}pplications {S}ymposium, 2002. {P}roceedings. {I}nternational},
  Year                     = {2002},
  Organization             = {IEEE},
  Pages                    = {140--149},

  Owner                    = {judith},
  Timestamp                = {2015.11.07}
}

@Article{Yu2012,
  Title                    = {{L}ocality-{S}ensitive {B}loom {F}ilter for {A}pproximate {M}embership {Q}uery},
  Author                   = {Hua Yu and Xiao Bin and B. Veeravalli and Feng Dan},
  Journal                  = {{C}omputers, {IEEE} {T}ransactions on},
  Year                     = {2012},

  Month                    = jun,
  Number                   = {6},
  Pages                    = {817--830},
  Volume                   = {61},

  ISSN                     = {0018-9340}
}

@InProceedings{Zhang2012,
  Title                    = {{A}nalog {B}loom {F}ilter: {E}fficient simultaneous query for wireless networks},
  Author                   = {Zhenghao Zhang},
  Booktitle                = {{G}lobal {C}ommunications {C}onference ({GLOBECOM}), 2012 {IEEE}},
  Year                     = {2012},
  Organization             = {{IEEE}},
  Pages                    = {3340--3346}
}

@InProceedings{Zhu2004,
  Title                    = {{H}ierarchical {B}loom {F}ilter {A}rrays ({HBA}): {A} {N}ovel, {S}calable {M}etadata {M}anagement {S}ystem for {L}arge {C}luster-based {S}torage},
  Author                   = {Yifeng Zhu and Hong Jiang and Jun Wang},
  Booktitle                = {{C}luster {C}omputing, 2004 {IEEE} {I}nternational {C}onference on},
  Year                     = {2004},
  Organization             = {IEEE},
  Pages                    = {165--174},

  Owner                    = {judith},
  Timestamp                = {2015.11.07}
}

@MastersThesis{Zinsmaier2010,
  Title                    = {{E}ffizienzanalyse von {R}outingalgorithmen in interessensbasierten mobilen sozialen {N}etzen},
  Author                   = {Michael Zinsmaier},
  School                   = {Universit{\"a}t Konstanz},
  Year                     = {2010}
}

